<?xml version="1.0" encoding="UTF-8"?><record xmlns="http://www.loc.gov/MARC21/slim" xmlns:cinclude="http://apache.org/cocoon/include/1.0" xmlns:zs="http://www.loc.gov/zing/srw/">
  <leader>00439nz  a2200121n  4500</leader>
  <controlfield tag="001">n  85033693 </controlfield>
  <controlfield tag="003">DLC</controlfield>
  <controlfield tag="005">19850911104352.0</controlfield>
  <controlfield tag="008">850725n| acannaab|          |n aaa |||  </controlfield>
  <datafield tag="010" ind1=" " ind2=" ">
    <subfield code="a">n  85033693 </subfield>
  </datafield>
  <datafield tag="040" ind1=" " ind2=" ">
    <subfield code="a">DLC</subfield>
    <subfield code="c">DLC</subfield>
    <subfield code="d">DLC</subfield>
  </datafield>
  <datafield tag="100" ind1="1" ind2="0">
    <subfield code="a">BraĚuel, Ulrich,</subfield>
    <subfield code="d">1930-</subfield>
  </datafield>
  <datafield tag="670" ind1=" " ind2=" ">
    <subfield code="a">His Ehrverletzung und Ehrenschutz im politischen Leben, 1984:</subfield>
    <subfield code="b">t.p. (Ulrich BraĚuel; aus Danzig) p. 307 (b. 1-6-30 in Danzig-Langfuhr; since 1958 lawyer in Freiburg i. Br.)</subfield>
  </datafield>
</record>